<?xml version="1.0"?>
<mets xmlns:xlink="http://www.w3.org/1999/xlink" xmlns="http://www.loc.gov/METS/" xmlns:mets="http://www.loc.gov/METS/" OBJID="NF00000068_00033" LABEL="Florida dispatch">
  <metsHdr CREATEDATE="2011-01-28T15:54:44Z" ID="NF00000068_00033" LASTMODDATE="2011-01-28T15:54:44Z">
    <agent ROLE="CREATOR" TYPE="ORGANIZATION">
      <name>FCLA</name>
      <note>
        This is DigiTool METS created by FCLA from the institution-submitted METS package NF00000068_00033.
      </note>
    </agent>
  </metsHdr>
  <dmdSec ID="DMD1"><mdWrap MDTYPE="MARC" MIMETYPE="text/xml"><xmlData><marc:record xmlns:marc="http://www.loc.gov/MARC21/slim"><marc:leader>     nam  22     uu 4500</marc:leader><marc:controlfield tag="001">NF00000068_00033</marc:controlfield><marc:controlfield tag="003">ufdc</marc:controlfield><marc:controlfield tag="008">820413s18691889flu|||||||||||||||||eng||</marc:controlfield><marc:datafield tag="040" ind1=" " ind2=" "><marc:subfield code="a">JPL</marc:subfield></marc:datafield><marc:datafield tag="040" ind1=" " ind2=" "><marc:subfield code="a">JPL</marc:subfield></marc:datafield><marc:datafield tag="040" ind1=" " ind2=" "><marc:subfield code="a">OCL</marc:subfield></marc:datafield><marc:datafield tag="040" ind1=" " ind2=" "><marc:subfield code="a">OCLCQ</marc:subfield></marc:datafield>
          <marc:datafield tag="655" ind1=" " ind2="7"><marc:subfield code="a">periodical</marc:subfield><marc:subfield code="2">marcgt</marc:subfield></marc:datafield>
          
          
          
          <marc:datafield tag="852" ind1=" " ind2=" "><marc:subfield code="a">University of North Florida</marc:subfield></marc:datafield><marc:datafield tag="852" ind1=" " ind2=" "><marc:subfield code="a">UNF</marc:subfield></marc:datafield>
          <marc:datafield tag="500" ind1=" " ind2=" "><marc:subfield code="a">Vol. 1 (1869)-n.s. v. 9, no. 4 (Jan. 21, 1889).</marc:subfield></marc:datafield>
          <marc:datafield tag="310" ind1=" " ind2=" "><marc:subfield code="a">weekly</marc:subfield></marc:datafield><marc:datafield tag="310" ind1=" " ind2=" "><marc:subfield code="a">regular</marc:subfield></marc:datafield><marc:datafield tag="260" ind1=" " ind2=" "><marc:subfield code="b">Ashmead Bros.</marc:subfield><marc:subfield code="c">1869-1889</marc:subfield><marc:subfield code="c">1869</marc:subfield><marc:subfield code="c">1889</marc:subfield></marc:datafield>
          
          <marc:datafield tag="534" ind1=" " ind2=" "><marc:subfield code="e">v. : ill. ; 33 cm.</marc:subfield></marc:datafield>
          
          <marc:datafield tag="785" ind1="0" ind2="0"><marc:subfield code="t">Florida dispatch, farmer &amp; fruit grower; farmers alliance</marc:subfield></marc:datafield>
          
            
          
          <marc:datafield tag="651" ind1=" " ind2="0"><marc:subfield code="a">Florida</marc:subfield><marc:datafield tag="655" ind1=" " ind2="7"><marc:subfield code="a">Periodicals</marc:subfield></marc:datafield></marc:datafield>
          <marc:datafield tag="245" ind1="1" ind2="0"><marc:subfield code="a">Florida dispatch</marc:subfield></marc:datafield>
          <marc:datafield tag="130" ind1="0" ind2=" "><marc:subfield code="a">Florida dispatch.</marc:subfield></marc:datafield>
          
        <marc:datafield tag="598" ind1=" " ind2=" "><marc:subfield code="a">NF00000068_00033</marc:subfield></marc:datafield></marc:record></xmlData></mdWrap></dmdSec>
  <fileSec>
    <fileGrp USE="reference">
      <file MIMETYPE="image/jp2" ID="F1" SEQ="1" GROUPID="G1">
        <FLocat xlink:href="514.jp2" LOCTYPE="OTHER" OTHERLOCTYPE="SYSTEM"/>
      </file>
      <file MIMETYPE="image/jp2" ID="F14" SEQ="2" GROUPID="G14">
        <FLocat xlink:href="511.jp2" LOCTYPE="OTHER" OTHERLOCTYPE="SYSTEM"/>
      </file>
      <file MIMETYPE="image/jp2" ID="F15" SEQ="3" GROUPID="G15">
        <FLocat xlink:href="512.jp2" LOCTYPE="OTHER" OTHERLOCTYPE="SYSTEM"/>
      </file>
      <file MIMETYPE="image/jp2" ID="F16" SEQ="4" GROUPID="G16">
        <FLocat xlink:href="513.jp2" LOCTYPE="OTHER" OTHERLOCTYPE="SYSTEM"/>
      </file>
      <file MIMETYPE="image/jp2" ID="F2" SEQ="5" GROUPID="G2">
        <FLocat xlink:href="515.jp2" LOCTYPE="OTHER" OTHERLOCTYPE="SYSTEM"/>
      </file>
      <file MIMETYPE="image/jp2" ID="F3" SEQ="6" GROUPID="G3">
        <FLocat xlink:href="516.jp2" LOCTYPE="OTHER" OTHERLOCTYPE="SYSTEM"/>
      </file>
      <file MIMETYPE="image/jp2" ID="F4" SEQ="7" GROUPID="G4">
        <FLocat xlink:href="517.jp2" LOCTYPE="OTHER" OTHERLOCTYPE="SYSTEM"/>
      </file>
      <file MIMETYPE="image/jp2" ID="F5" SEQ="8" GROUPID="G5">
        <FLocat xlink:href="518.jp2" LOCTYPE="OTHER" OTHERLOCTYPE="SYSTEM"/>
      </file>
      <file MIMETYPE="image/jp2" ID="F6" SEQ="9" GROUPID="G6">
        <FLocat xlink:href="519.jp2" LOCTYPE="OTHER" OTHERLOCTYPE="SYSTEM"/>
      </file>
      <file MIMETYPE="image/jp2" ID="F7" SEQ="10" GROUPID="G7">
        <FLocat xlink:href="520.jp2" LOCTYPE="OTHER" OTHERLOCTYPE="SYSTEM"/>
      </file>
      <file MIMETYPE="image/jp2" ID="F8" SEQ="11" GROUPID="G8">
        <FLocat xlink:href="521.jp2" LOCTYPE="OTHER" OTHERLOCTYPE="SYSTEM"/>
      </file>
      <file MIMETYPE="image/jp2" ID="F9" SEQ="12" GROUPID="G9">
        <FLocat xlink:href="522.jp2" LOCTYPE="OTHER" OTHERLOCTYPE="SYSTEM"/>
      </file>
      <file MIMETYPE="image/jp2" ID="F10" SEQ="13" GROUPID="G10">
        <FLocat xlink:href="523.jp2" LOCTYPE="OTHER" OTHERLOCTYPE="SYSTEM"/>
      </file>
      <file MIMETYPE="image/jp2" ID="F11" SEQ="14" GROUPID="G11">
        <FLocat xlink:href="524.jp2" LOCTYPE="OTHER" OTHERLOCTYPE="SYSTEM"/>
      </file>
      <file MIMETYPE="image/jp2" ID="F12" SEQ="15" GROUPID="G12">
        <FLocat xlink:href="525.jp2" LOCTYPE="OTHER" OTHERLOCTYPE="SYSTEM"/>
      </file>
      <file MIMETYPE="image/jp2" ID="F13" SEQ="16" GROUPID="G13">
        <FLocat xlink:href="526.jp2" LOCTYPE="OTHER" OTHERLOCTYPE="SYSTEM"/>
      </file>
    </fileGrp>
    <fileGrp USE="index">
      <file MIMETYPE="text/plain" ID="T1" SEQ="1" GROUPID="G1">
        <FLocat xlink:href="514.txt" LOCTYPE="OTHER" OTHERLOCTYPE="SYSTEM"/>
      </file>
      <file MIMETYPE="text/plain" ID="T2" SEQ="2" GROUPID="G2">
        <FLocat xlink:href="515.txt" LOCTYPE="OTHER" OTHERLOCTYPE="SYSTEM"/>
      </file>
      <file MIMETYPE="text/plain" ID="T3" SEQ="3" GROUPID="G3">
        <FLocat xlink:href="516.txt" LOCTYPE="OTHER" OTHERLOCTYPE="SYSTEM"/>
      </file>
      <file MIMETYPE="text/plain" ID="T4" SEQ="4" GROUPID="G4">
        <FLocat xlink:href="517.txt" LOCTYPE="OTHER" OTHERLOCTYPE="SYSTEM"/>
      </file>
      <file MIMETYPE="text/plain" ID="T5" SEQ="5" GROUPID="G5">
        <FLocat xlink:href="518.txt" LOCTYPE="OTHER" OTHERLOCTYPE="SYSTEM"/>
      </file>
      <file MIMETYPE="text/plain" ID="T6" SEQ="6" GROUPID="G6">
        <FLocat xlink:href="519.txt" LOCTYPE="OTHER" OTHERLOCTYPE="SYSTEM"/>
      </file>
      <file MIMETYPE="text/plain" ID="T7" SEQ="7" GROUPID="G7">
        <FLocat xlink:href="520.txt" LOCTYPE="OTHER" OTHERLOCTYPE="SYSTEM"/>
      </file>
      <file MIMETYPE="text/plain" ID="T8" SEQ="8" GROUPID="G8">
        <FLocat xlink:href="521.txt" LOCTYPE="OTHER" OTHERLOCTYPE="SYSTEM"/>
      </file>
      <file MIMETYPE="text/plain" ID="T9" SEQ="9" GROUPID="G9">
        <FLocat xlink:href="522.txt" LOCTYPE="OTHER" OTHERLOCTYPE="SYSTEM"/>
      </file>
      <file MIMETYPE="text/plain" ID="T10" SEQ="10" GROUPID="G10">
        <FLocat xlink:href="523.txt" LOCTYPE="OTHER" OTHERLOCTYPE="SYSTEM"/>
      </file>
      <file MIMETYPE="text/plain" ID="T11" SEQ="11" GROUPID="G11">
        <FLocat xlink:href="524.txt" LOCTYPE="OTHER" OTHERLOCTYPE="SYSTEM"/>
      </file>
      <file MIMETYPE="text/plain" ID="T12" SEQ="12" GROUPID="G12">
        <FLocat xlink:href="525.txt" LOCTYPE="OTHER" OTHERLOCTYPE="SYSTEM"/>
      </file>
      <file MIMETYPE="text/plain" ID="T13" SEQ="13" GROUPID="G13">
        <FLocat xlink:href="526.txt" LOCTYPE="OTHER" OTHERLOCTYPE="SYSTEM"/>
      </file>
    </fileGrp>
  </fileSec>
  <structMap>
    <div DMDID="DMD1" LABEL="Florida dispatch" TYPE="Chapter">
      <div TYPE="Chapter">
        <div LABEL="Page 1" TYPE="Page">
          <fptr FILEID="F1"/>
          <fptr FILEID="T1"/>
        </div>
        <div TYPE="Page">
          <fptr FILEID="F14"/>
        </div>
        <div TYPE="Page">
          <fptr FILEID="F15"/>
        </div>
        <div TYPE="Page">
          <fptr FILEID="F16"/>
        </div>
        <div LABEL="Page 2" TYPE="Page">
          <fptr FILEID="F2"/>
          <fptr FILEID="T2"/>
        </div>
        <div LABEL="Page 3" TYPE="Page">
          <fptr FILEID="F3"/>
          <fptr FILEID="T3"/>
        </div>
        <div LABEL="Page 4" TYPE="Page">
          <fptr FILEID="F4"/>
          <fptr FILEID="T4"/>
        </div>
        <div LABEL="Page 5" TYPE="Page">
          <fptr FILEID="F5"/>
          <fptr FILEID="T5"/>
        </div>
        <div LABEL="Page 6" TYPE="Page">
          <fptr FILEID="F6"/>
          <fptr FILEID="T6"/>
        </div>
        <div LABEL="Page 7" TYPE="Page">
          <fptr FILEID="F7"/>
          <fptr FILEID="T7"/>
        </div>
        <div LABEL="Page 8" TYPE="Page">
          <fptr FILEID="F8"/>
          <fptr FILEID="T8"/>
        </div>
        <div LABEL="Page 9" TYPE="Page">
          <fptr FILEID="F9"/>
          <fptr FILEID="T9"/>
        </div>
        <div LABEL="Page 10" TYPE="Page">
          <fptr FILEID="F10"/>
          <fptr FILEID="T10"/>
        </div>
        <div LABEL="Page 11" TYPE="Page">
          <fptr FILEID="F11"/>
          <fptr FILEID="T11"/>
        </div>
        <div LABEL="Page 12" TYPE="Page">
          <fptr FILEID="F12"/>
          <fptr FILEID="T12"/>
        </div>
        <div LABEL="Page 13" TYPE="Page">
          <fptr FILEID="F13"/>
          <fptr FILEID="T13"/>
        </div>
      </div>
    </div>
  </structMap>
</mets>
